@Article{,
  author =   {N/A},
  title =    {World Traveling Salesman Problem},
  journal =  {N/A},
  year =     {2013},
}
@Article{,
  author =   {David S. Johnson, Lyle A. McGeoch},
  title =    {The Traveling Saleman Problem: A Case Study in Local Optimization},
  journal =  {N/A},
  year =     {1995},
}
@Article{,
  author =   {Python Software Foundation},
  title =    {Python Programming Language},
  journal =  {N/A},
  year =     {2017},
}
@Article{,
  author =   {The igraph core team},
  title =    {Python-igraph},
  journal =  {N/A},
  year =     {2015},
}
@Article{,
  author =   {NumPy developers},
  title =    {NumPy},
  journal =  {N/A},
  year =     {2017},
}